<collection xmlns="http://www.loc.gov/MARC21/slim">
<record>
  <leader>00522na 0a22001331i 450 </leader>
  <controlfield tag="001">IT\ICCU\CNCE\072753</controlfield>
  <controlfield tag="005">20080415000000.0</controlfield>
  <datafield tag="100" ind1=" " ind2=" ">
    <subfield code="a">20080415             0itac0103    ba</subfield>
  </datafield>
  <datafield tag="101" ind1=" " ind2=" ">
    <subfield code="a">LAT</subfield>
  </datafield>
  <datafield tag="200" ind1="1" ind2=" ">
    <subfield code="a">Repertorium iuris vtriusque doctoris domini Ioannis de Annania super quinto decretalium</subfield>
  </datafield>
  <datafield tag="700" ind1=" " ind2="0">
    <subfield code="a">Giovanni</subfield>
    <subfield code="c"> : d&apos;#Anagni</subfield>
    <subfield code="3">IT\ICCU\CNCA\006078</subfield>
  </datafield>
  <datafield tag="790" ind1=" " ind2="0">
    <subfield code="a">Ioannes</subfield>
    <subfield code="c"> : de#Anania</subfield>
    <subfield code="3">IT\ICCU\CNCA\006080</subfield>
    <subfield code="z">Giovanni : d&apos;#Anagni</subfield>
  </datafield>
  <datafield tag="790" ind1=" " ind2="1">
    <subfield code="a">Anania,</subfield>
    <subfield code="b">Giovanni : d&apos;</subfield>
    <subfield code="3">IT\ICCU\CNCA\014158</subfield>
    <subfield code="z">Giovanni : d&apos;#Anagni</subfield>
  </datafield>
  <datafield tag="801" ind1=" " ind2="3">
    <subfield code="a">IT</subfield>
    <subfield code="b">ICCU</subfield>
    <subfield code="c">20201115</subfield>
  </datafield>
</record>
</collection>
